
################################
################################
*** NEURAL NETWORK VERIFICATION
################################
################################


@misc{venus2,
    author        = {P.~Kouvaros and A.~Lomuscio},
    title         = {Venus},
    howpublished  = {\url{https://github.com/vas-group-imperial/venus2}},
    year          = {2023},
}

@inproceedings{Kouvaros+23,
  author    = {P.~Kouvaros and
               F.~Leofante and
               C.~Chung and
               B.~Edwards and
               D.~Margineantu and
               A.~Lomuscio},
  title     = {Verification of Semantic Key Point Detection for Aircraft Pose Estimation},
  year      = {2023},
  booktitle = {To Appear.}
}

@inproceedings{Batten+21,
author    = {B.~Batten and P.~Kouvaros and A.~Lomuscio and Y.~Zheng},
title     = {Efficient Neural Network Verification via Layer-based Semidefinite 
Relaxations and Linear Cuts},
booktitle = {Proceedings of the 30th International Joint Conference on 
Artificial Intelligence 
({IJCAI}21)},
pages     = {2184--2190},
publisher = {ijcai.org},
year      = {2021}
}

@inproceedings{KouvarosLomuscio21,
title={Towards Scalable Complete Verification of ReLU Neural Networks via
Dependency-based Branching},
author={P.~Kouvaros and A.~Lomuscio},
booktitle = {Proceedings of the 30th International Joint Conference on 
Artificial 
Intelligence
({IJCAI}21)},
pages     = {2643--2650},
publisher = {ijcai.org},
year      = {2021}
}


@inproceedings{Kouvaros+21,
  author    = {P.~Kouvaros and
               T.~Kyono and
               F.~Leofante and
               A.~Lomuscio and
               D.~Margineantu and
               D.~Osipychev and
               Y.~Zheng},
  title     = {Formal Analysis of Neural Network-Based Systems in the Aircraft Domain},
  booktitle = {Proceedings of the 24th International Symposium on Formal Methods ({FM21})},
  series    = {Lecture Notes in Computer Science},
  volume    = {13047},
  pages     = {730--740},
  publisher = {Springer},
  year      = {2021}
}

@inproceedings{HashemiKouvarosLomuscio21,
    author    = {V.~Hashemi and P.~Kouvaros and A.~Lomuscio},
    title     = {OSIP: Tightened Bound Propagation for the Verification of
                 ReLU Neural Networks},
    year      = {2021},
    pages     = {463--480},
    booktitle = {Proceedings of the 19th International Conference on
                 Software Engineering and Formal Methods (SEFM21)},
    publisher = {IEEE Computer Society},
}

@inproceedings{Xiao+19a,
  author    = {K.~Xiao and
               V.~Tjeng and
               N.~Shafiullah and
               A.~Madry},
  title     = {Training for Faster Adversarial Robustness Verification via Inducing
               ReLU Stability},
  booktitle = {ICLR19},
  publisher = {OpenReview.net},
  pages = {1--20},
  year      = {2019}
}

@article{LuJumar19,
  title={Neural network branching for neural network verification},
  author={J.~Lu and P.~Kumar},
  journal={arXiv preprint arXiv:1912.01329},
  year={2019}
}

@article{VelizKim17,
      title={Towards A Rigorous Science of Interpretable Machine Learning}, 
      author={F.~Doshi-Velez and B.~Kim},
      year={2017},
      journal={arXiv preprint arXiv: 1702.08608},
}

@inproceedings{Wang+21,
  title={Beta-crown: Efficient bound propagation with per-neuron split
  constraints for neural network robustness verification},
  author={S.~Wang and H.~Zhang  and K.~Xu  and X.~Lin and S.~Jana and C.~Hsieh
  and Z.Kolter},
  booktitle={Advances in Neural Information Processing Systems},
  pages={29909--29921},
  year={2021}
}



@inproceedings{Tran20,
  title={Verification of deep convolutional neural networks using imagestars},
  author={H.~Tran and S.~Bak  and W.~Xiang and T.~Johnson},
  booktitle={International Conference on Computer Aided Verification},
  pages={18--42},
  year={2020},
  organization={Springer}
}

@book{BiereMarijnHans,
  title={Handbook of satisfiability},
  author={A.~Biere and M~Heule and H.~Maaren},
  volume={185},
  year={2009},
  publisher={IOS press}
}

@article{RossigPetkovic,
  title={Advances in verification of ReLU neural networks},
  author={A.~R{\"o}ssig and M.~Petkovic},
  journal={Journal of Global Optimization},
  pages={1--44},
  year={2020},
  publisher={Springer}
}


@inproceedings{ bak:nnenum,
  title={Improved geometric path enumeration for verifying ReLU neural
	  networks},
  author={S.~Bak, H.~Tran and K.~Hobbs and T.~Johnson},
  booktitle={CAV20},
  pages={66--96},
  year={2020},
}

@inproceedings{HenriksenLomuscio20,
	author = {P.~Henriksen, A.~Lomuscio},
	title = {Efficient Neural Network Verification via Adaptive Refinement and
		Adversarial Search},
	booktitle = {ECAI20},
	year = {2020}
}


@inproceedings{Zhang+18,
    author    = {H. Zhang and T.~Weng and P.~Chen and C.~Hsieh and
                  L.~Daniel},
    title     = {Efficient Neural Network Robustness Certification
                  with General Activation Functions},
    booktitle = {NeurIPS18},
    publisher = {Curran Associates, Inc.},
    pages     = {4944--4953},
    year      = {2018},
}

@article{FischettiJo18,
    title     = {Deep neural networks and mixed integer linear optimization},
    author    = {M.~Fischetti and J.~Jo},
    journal   = {Constraints},
    pages     = {1--14},
    year      = {2018},
    publisher = {Springer}
}


@article{FazlyabMorariPappas19,
  title={Safety verification and robustness analysis of neural networks via quadratic constraints and semidefinite programming},
  author    = {M.~Fazlyab and
               M.~Morari and
               G.~J.~Pappas},
  journal={IEEE Transactions on Automatic Control},
  year={2020},
  publisher={IEEE}
}


@inproceedings{RaghunathanSteinhardtLiang18,
  author    = {A.~Raghunathan and
               J.~Steinhardt and
               P.~S.~Liang},
  title     = {Semidefinite relaxations for certifying robustness to adversarial
               examples},
  booktitle = {NeurIPS18},
  pages     = {10900--10910},
  year      = {2018},
}

@misc{vnncomp,
  author={VNN-COMP},
  year={2020},
  title={Verification of Neural Networks Competition (VNN-COMP20)},
  howpublished = {\url{https://sites.google.com/view/vnn20/vnncomp}},
  note = {Accessed: 2021-05-29}
}



@misc{AAAISS,
    title={{AAAI} Spring Symposium on verification of neural networks},
	author={AAAI{ }Symposium},
	year={2019},
	howpublished={https://sites.google.com/view/vnn19}
}

@InProceedings{Wang+19,
author = {C.~Wang and R.~Bunel K.~Dvijotham and P.~Huang and
	E.~Grefenstette and P.~Kohli},
title = {Knowing When to Stop: Evaluation and Verification of Conformity to Output-Size Specifications},
booktitle = {The IEEE Conference on Computer Vision and Pattern Recognition (CVPR)},
month = {June},
year = {2019}
}

@inproceedings{Singh+19b,
  title={Beyond the Single Neuron Convex Barrier for Neural Network
	  Certification},
  author={G.~Singh and R.~Ganvir and M.~P{\"u}schel and M.~Vechev},
  booktitle={Advances in Neural Information Processing Systems},
  pages={15072--15083},
  year={2019}
}

@InProceedings{Xiang+18b,
  author    = {W.~Xiang and
               H.~Tran and
               J.~A.~Rosenfeld and
               T.~T.~Johnson},
  title     = {Reachable Set Estimation and Safety Verification for Piecewise Linear Systems with Neural Network Controllers},
  booktitle = {2018 Annual American Control Conference (ACC)},
  pages     = {1574--1579},
  year      = {2018},
  publisher = {AACC},
}

@InProceedings{Akintunde+20,
    author    = {M.~Akintunde and E.~Botoeva and P.~Kouvaros and
		A.~Lomuscio},
    title     = {Formal Verification of Neural Agents in
		Non-deterministic Environments},
    booktitle = {Proceedings of the 19th International Conference on
                  Autonomous Agents and MultiAgent Systems (AAMAS20)},
    pages     = {To Appear.},
    year      = {2020},
    publisher = {ACM},
}


@inproceedings{Huang+17,
  title={Safety verification of deep neural networks},
  author={X.~Huang and M.~Kwiatkowska and S.~Wang  and M.~Wu},
  booktitle={CAV17},
  pages={3--29},
  year={2017},
  organization={Springer}
}

@inproceedings{Boopathy19,
  title={Cnn-cert: An efficient framework for certifying robustness of convolutional neural networks},
  author={A.~Boopathy and T.~Weng and P.~Chen and S.~Liu and
	  L.~Daniel},
  booktitle={Proceedings of the AAAI Conference on Artificial Intelligence},
  volume={33},
  pages={3240--3247},
  year={2019}
}


@inproceedings{Anderson+19,
  title={Strong mixed-integer programming formulations for trained neural networks},
  author={R.~Anderson  and J.~Huchette and C.~Tjandraatmadja and
	  J.~Vielma},
  booktitle={IPCO19},
  pages={27--42},
  year={2019}
}

@inproceedings{ChengNuhrenbergRuess17,
  title={Maximum resilience of artificial neural networks},
  author={C.~Cheng and G.~N{\"u}hrenberg  and H.~Ruess},
  booktitle={ATVA17},
  pages={251--268},
  year={2017},
  organization={Springer}
}


@inproceedings{Rubiesroyo+19,
  title     = {Fast Neural Network Verification via Shadow Prices},
  author    = {V.~Rubies-Royo and
               R.~Calandra and
	       D.~M.~Stipanovic and
               C.~Tomlin},
  booktitle = {Proceedings of the 36th International Conference on Machine Learning (ICML19)},
  nopages     = {1017--1024},
  nopublisher = {Omnipress},
  year      = {2019}
}




@article{Yang+20,
  title={Reachability Analysis for Feed-Forward Neural Networks using Face Lattices},
  author={X.~Yang and H.~Tran and W.~Xiang and T.~Johnson},
  journal={arXiv preprint arXiv:2003.01226},
  year={2020}
}

@inproceedings{Dvijotham+18,
  title={A Dual Approach to Scalable Verification of Deep Networks},
  author={K.~Dvijotham and R.~Stanforth and S.~Gowal  and T.~Mann and
	  P.~Kohli},
  booktitle={UAI},
  volume={1},
  pages={2},
  year={2018}
}

@inproceedings{Wong+18,
	title = {Scaling provable adversarial defenses},
	author = {E.~Wong and F~Schmidt and J.~Metzen and J.~Kolter},
	booktitle ={Proceedings of the 32nd Conference on Neural Information Processing Systems (NeurIPS18)},
	year = {2018}
}


@inproceedings{WongKolter17,
  title={Provable defenses against adversarial examples via the convex
	  outer adversarial polytope},
  author={E.~Wong  and J.~Kolter},
  booktitle = {ICML18},
  pages = {5286-5295},
  year={2018}
}

@article{RuanHuangKwiatkowska,
  title={Reachability analysis of deep neural networks with provable guarantees},
  author={W.~Ruan and X.~Huang and M.~Kwiatkowska},
  journal={arXiv preprint arXiv:1805.02242},
  year={2018}
}

@article{Xiang+18,
  title={Output reachable set estimation and verification for
	  multilayer neural networks},
  author={W.~Xiang and H.~Tran and T.~Johnson},
  journal={IEEE transactions on neural networks and learning systems},
  volume={29},
  number={11},
  pages={5777--5783},
  year={2018},
  publisher={IEEE}
}



@inproceedings{Weng+18,
  title={Towards fast computation of certified robustness for relu networks},
  author={L.~Weng and G.~Zhang and H.~Chen and Z.~Song and C.~Hsieh and L.~Daniel and D.~Boning and I.~Dhillon},
  booktitle={ICML18},
  pages={5276--5285},
  year={2018},
}


@article{XiangTranJohnson,
  title={Reachable set computation and safety verification
	  for neural networks with relu activations},
  author={W.~Xiang and H.~Tran and T.~Johnson},
  journal={arXiv preprint arXiv:1712.08163},
  year={2017}
}


@inproceedings{Bunel+18,
  title={A unified view of piecewise linear neural network
	  verification},
  author={R.~Bunel and I.~Turkaslan and P.~Torr and
	  P.~Kohli and P.~Mudigonda},
  booktitle={NeurIPS18},
  pages={4790--4799},
  year={2018}
}

@inproceedings{Dutta+18,
  title={Output range analysis for deep feedforward neural networks},
  author={S.~Dutta and S.~Jha and S.~Sankaranarayanan  and
	  A.~Tiwari},
  booktitle={NASA Formal Methods Symposium},
  pages={121--138},
  year={2018},
  organization={Springer}
}

@inproceedings{Bastani+16,
  author    = {O.~Bastani and
               Y.~Ioannou and
               L.~ Lampropoulos and
               D.~Vytiniotis and
               A.~V. Nori and
               A.~Criminisi},
  title     = {Measuring Neural Net Robustness with Constraints},
  booktitle = {NeurIPS16}, 
  pages     = {2613--2621},
  year      = {2016},
}

@inproceedings{Tjandraatmadja+20,
  title={The Convex Relaxation Barrier, Revisited: Tightened Single-Neuron Relaxations for Neural Network Verification},
  author={C.~Tjandraatmadja and R.~Anderson and J.~Huchette and W.~Ma and K.~Patel and J.~Vielma},
  booktitle={NeurIPS20},
  year={2020}
}

@inproceedings{Dathathri+20,
  title={Enabling certification of verification-agnostic networks via
	  memory-efficient semidefinite programming},
  author={S.~Dathathri and K.~Dvijotham and A.~Kurakin and A.~Raghunathan and
	  J.~Uesato  and R.~Bunel  and S.~Shankar and J.~Steinhardt  and
		  I.~Goodfellow and P.~Liang and P.~Kohli},
  booktitle={NeurIPS20},
  year={2020}
}



@article{LomuscioMaganti17,
  author    = {A.~Lomuscio and L.~Maganti},
  title     = {An approach to reachability analysis for feed-forward
                  ReLU neural networks},
  journal   = {CoRR},
  volume    = {abs/1706.07351},
  year      = {2017},
}

@inproceedings{Botoeva+20,
    author    = {E.~Botoeva and P.~Kouvaros and J.~Kronqvist and
                  A.~Lomuscio and R.~Misener},
    booktitle = {AAAI20},
    title     = {Efficient Verification of Neural Networks via
                  Dependency Analysis},
    year      = {2020},
}

@article{Singh+19,
    title     = {An abstract domain for certifying neural networks},
    author    = {G.~Singh and T.~Gehr and M.~P{\"u}schel and
                  P.~Vechev},
    journal   = {POPL19},
    volume    = {3},
    number    = {POPL},
    pages     = {1-30},
    year      = {2019},
    publisher = {ACM}
}

@INPROCEEDINGS{Gehr+18,
  author    = {T.~Gehr and
              M.~Mirman and
              D.~Drachsler-Cohen and
              P.~Tsankov and
              S.~Chaudhuri and
              M.~Vechev},
  booktitle = {2018 IEEE Symposium on Security and Privacy (S\&P18)},
  title     = {{AI\textsuperscript{2}}: Safety and
	  Robustness Certification of Neural Networks with
		  Abstract Interpretation},
  year      = {2018},
  pages     = {948--963},
}


@inproceedings{Wang+18,
    author    = {S.~Wang and K.~Pei and J.~Whitehouse and J.~Yang and
                  S.~Jana},
    title     = {Formal Security Analysis of Neural Networks using
                  Symbolic Intervals},
    booktitle = {USENIX18},
    pages     = {1599--1614},
    year      = {2018},
}

@inproceedings{Wang+18b,
    author    = {S.~Wang and K.~Pei and J.~Whitehouse and J.~Yang and
                  S.~Jana},
    title     = {Efficient Formal Safety Analysis of Neural Networks},
    booktitle = {NeurIPS18},
    pages     = {6369--6379},
    year      = 2018,
}

@inproceedings{Katz+19,
    author    = {G.~Katz and D.~A.~Huang and D.~Ibeling and K.~Julian
                  and C.~Lazarus and R.~Lim and P.~Shah and S.~Thakoor
                  and H.~Wu and A.~Zeljic and D.~L.~Dill and
                  M.~J.~Kochenderfer and C.~W.~Barrett},
    title     = {The Marabou Framework for Verification and Analysis
                  of Deep Neural Networks},
    booktitle = {CAV19},
    pages     = {443--452},
    year      = {2019},
}

@inproceedings{TjengXiaoTedrake19,
    author    = {V.~Tjeng and K.~Y.~Xiao and R.~Tedrake},
    title     = {Evaluating Robustness of Neural Networks with Mixed
                  Integer Programming},
    booktitle = {ICLR19},
    year      = {2019},
}

@inproceedings{Ehlers17,
    author    = {R.~Ehlers},
    title     = {Formal Verification of Piece-Wise Linear Feed-Forward
                  Neural Networks},
    booktitle = {ATVA17},
    year      = {2017},
    pages     = {269--286},
    publisher = {Springer},
    //series    = {LNCS},
    volume    = {10482},
}


@inproceedings{Katz+17,
  author    = {G.~Katz and
               C.~W. Barrett and
               D.~L. Dill and
               K.~Julian and
               M.~J. Kochenderfer},
  title     = {Reluplex: An Efficient {SMT} Solver for Verifying Deep Neural Networks},
  booktitle = {CAV17},
  pages     = {97--117},
  year      = {2017},
}


@article{KouvarosLomuscio18,
    title     = {Formal Verification of CNN-based Perception Systems},
    author    = {P.~Kouvaros and A.~Lomuscio},
    journal   = {arXiv preprint arXiv:1811.11373}
}


@inproceedings{PulinaTacchella10,
  author    = {L.~Pulina and
               A.~Tacchella},
  title     = {An Abstraction-Refinement Approach to
	  Verification of Artificial Neural Networks},
  pages     = {243--257},
    booktitle = {Proceedings of the 22nd International Conference on Computer
    Aided Verification (CAV10)},
    year      = {2010},
    publisher = {Springer},
    volume    = {6184},
    series    = {Lecture Notes in Computer Science}
}

@article{Akintunde+22,
    title     = {Formal Verification of Neural Agents in
                 Non-deterministic Environments},
    author    = {M.~Akintunde and E.~Botoeva and P.~Kouvaros and
                 A.~Lomuscio},
    journal   = {Journal of Autonomous Agents and Multi-Agent Systems},
    volume    = {36},
    number    = {1},
    year      = {2022},
    publisher = {Springer}
}

@inproceedings{Akintunde+20b,
	author    = {M.~Akintunde and E.~Botoeva and P.~Kouvaros and 
	A.~Lomuscio},
	title     = {Verifying Strategic Abilities of Neural-symbolic Multi-agent 
	Systems},
	booktitle = {Proceedings of the International Conference on Principles of 
	Knowledge Representation and Reasoning (KR20)},
	year      = {2020},
	pages     = {22--32},
	publisher = {{AAAI} Press},
}



@article{Brix+23,
  title={First Three Years of the International Verification of Neural Networks Competition (VNN-COMP)},
  author={Brix, Christopher and M{\"u}ller, Mark Niklas and Bak, Stanley and
  Johnson, Taylor T and Liu, Changliu},
  journal={arXiv preprint arXiv:2301.05815},
  year={2023}
}




################################
################################
***NEURAL NETWORKS
################################
################################


@inproceedings{NairHinton10a,
  author =        {V.~Nair and G.~E.~Hinton},
  booktitle =     {Proceedings of the 27th International Conference on
                   Machine Learning (ICML10)},
  pages =         {807--814},
  publisher =     {Omnipress},
  title =         {Rectified Linear Units Improve Restricted Boltzmann
                   Machines},
  year =          {2010},
}

@article{Simonyan,
  title={Very deep convolutional networks for large-scale
	  image recognition},
  author={Simonyan, Karen and Zisserman, Andrew},
  journal={arXiv preprint arXiv:1409.1556},
  year={2014}
}


@article{Goodfellow+14,
    title     = {Explaining and harnessing adversarial examples
                  (2014)},
    author    = {I.~Goodfellow and J.~Shlens and C.~Szegedy},
    journal   = {arXiv preprint arXiv:1412.6572},
    year = {2014},
}

@inproceedings{Szegedy+14,
    title     = {Intriguing properties of neural networks},
    author    = {C.~Szegedy and W.~Zaremba and I.~Sutskever and
                  J.~Bruna and D.~Erhan and I.~Goodfellow and
                  R.~Fergus},
    booktitle = {ICLR14},
    year      = {2014}
}


################################
################################
***COMPUTER VISION
################################
################################


@InProceedings{Julian+16,
    title     = {Policy Compression for Aircraft Collision Avoidance
                  Systems},
    author    = {K.~Julian and J.~Lopez and J.~Brush and M.~Owen and
                  M.~Kochenderfer},
    booktitle = {DASC16},
    pages     = {1--10},
    year      = {2016}
}

@misc{LecunCortesBurges98,
    author    = {Y.~LeCun and C.~Cortes and C.~J.~Burges},
    title     = {The MNIST database of handwritten digits},
    year      = {1998},
}


@misc{KrizhevskyNairHinton14,
    title     = {The CIFAR-10 dataset},
    author    = {A.~Krizhevsky and V.~Nair and G.~Hinton},
    howpublished =  {{http://www.cs.toronto.edu/kriz/cifar.html}},
    year      = {2014}
}

@book{HartleyZisserman03,
  title={Multiple view geometry in computer vision},
  author={R.~Hartley and A.~Zisserman},
  year={2003},
  publisher={Cambridge university press}
}

@book{SonkaHlavacBoyle14,
  title={Image processing, analysis, and machine vision},
  author={M.~Sonka and V.~Hlavac and R.~Boyle},
  year={2014},
  publisher={Cengage Learning}
}

@inproceedings{Chen+17,
  title={Multi-view 3d object detection network for
	  autonomous driving},
  author={X.~Chen and H.~Ma and J.~Wan and B.~Li and T.~Xia},
  booktitle={Proceedings of the IEEE Conference on Computer
	  Vision and Pattern Recognition},
  pages={1907--1915},
  year={2017}
}

################################
################################
*** OPTIMISATION
################################
################################

@article{Achterberg07,
  title={Conflict analysis in mixed integer programming},
  author={T.~Achterberg},
  journal={Discrete Optimization},
  volume={4},
  number={1},
  pages={4--20},
  year={2007},
  publisher={Elsevier}
}


@inproceedings{Karmarkar84a,
    author    = {N.~Karmarkar},
    title     = {A New Polynomial-time Algorithm for Linear Programming},
    booktitle = {Proceedings of the Sixteenth Annual {ACM} Symposium on 
                 Theory of Computing},
    pages     = {302--311},
    publisher = {ACM},
    year      = {1984},
}

@article{KlotzNewman13,
  title={Practical guidelines for solving difficult mixed integer linear programs},
  author={E.~Klotz and A.~Newman},
  journal={Surveys in Operations Research and Management Science},
  volume={18},
  number={1-2},
  pages={18--32},
  year={2013},
  publisher={Elsevier}
}

@article{LawlerWood66,
  title={Branch-and-bound methods: A survey},
  author={E.~Lawler and D.~Wood},
  journal={Operations research},
  volume={14},
  number={4},
  pages={699--719},
  year={1966},
  publisher={INFORMS}
}


@article{Morrison+16,
  title={Branch-and-bound algorithms: A survey of recent advances in searching, branching, and pruning},
  author={D.~Morrison and S.~Jacobson  and J.~Sauppe and E.~Sewell},
  journal={Discrete Optimization},
  volume={19},
  pages={79--102},
  year={2016},
  publisher={Elsevier}
}

@misc{KingmaBa14,
    title={Adam: A Method for Stochastic Optimization},
    author={D.~Kingma and J.~Ba},
    year={2014},
    eprint={1412.6980},
    archivePrefix={arXiv},
    primaryClass={cs.LG}
}


@incollection{LandDoig10,
  title={An automatic method for solving discrete programming problems},
  author={A.~Land and A.~Doig},
  booktitle={50 Years of Integer Programming 1958-2008},
  pages={105--132},
  year={2010},
  publisher={Springer}
}


@book{papadimitriou,
  title={Combinatorial optimization: algorithms and complexity},
  author={C.~Papadimitriou and K.~Steiglitz},
  year={1998},
  publisher={Courier Corporation}
}




# MAS and logic

@ARTICLE{Fagin+95a,
    author    = {R.~Fagin and J.~Y.~Halpern and M.~Vardi},
    title     = {A Nonstandard Approach to the Logical Omniscience Problem},
    journal   = {Artificial Intelligence},
    year      = {1995},
    volume    = {79},
}

@BOOK{Fagin+95b,
    title     = {Reasoning about Knowledge},
    publisher = {MIT Press},
    year      = {1995},
    author    = {R.~Fagin and J.~Y.~Halpern and Y.~Moses and M.~Y.~Vardi},
    address   = {Cambridge},
    descriptor = {Wissensbasierte Systeme},
}


@book{Clarke+99a,
  title={Model Checking},
  author={E.M.~Clarke and O.~Grumberg and D.A.~Peled},
  publisher={The MIT Press},
  year={1999}
}


@INPROCEEDINGS{Alur+98a,
    author    = {R.~Alur and T.~Henzinger and O.~Kupferman},
    title     = {Alternating-Time Temporal Logic},
    booktitle = {Proceedings of the International Symposium Compositionality: The Significant Difference (COMPOS97)},
    year      = {1998},
    volume    = {1536},
    series    = {Lecture Notes in Computer Science},
    pages     = {23--60},
    publisher = {Springer},
}

@InProceedings{Kouvaros+19,
    author    = {P.~Kouvaros and A.~Lomuscio and E.~Pirovano and
                  H.~Punchihewa},
    title     = {Formal Verification of Open Multi-Agent Systems},
    booktitle = {Proceedings of the 18th International Conference on
                  Autonomous Agents and MultiAgent Systems (AAMAS19)},
    pages     = {179--187},
    year      = {2019},
    publisher = {IFAAMAS Press},
}

@InProceedings{BelardinelliKouvarosLomuscio17,
  author    = {F.~Belardinelli and
               P.~Kouvaros and
               A.~Lomuscio},
  title     = {Parameterised Verification of Data-aware Multi-agent Systems},
  booktitle = {Proceedings of the 24th International Joint Conference on
               Artificial Intelligence (IJCAI17)},
  pages     = {98--104},
  year      = {2017},
  publisher = {AAAI Press},
}

@inproceedings{BoureanuKouvarosLomuscio16,
	author = {I.~Boureanu and P.~Kouvaros and A.~Lomuscio},
	title = {Verifying Security Properties in Unbounded Multi-Agent
		Systems},
	booktitle = {Proceedings of the 15th International Conference on
		Autonomous Agents and Multi-Agent Systems (AAMAS16)},
	publisher = {IFAAMAS Press},
	year = {2016},
	pages = {1209--1218}
}

@InProceedings{KouvarosLomuscio13a,
    author    = {P.~Kouvaros and A.~Lomuscio},
    title     = {Automatic Verification of Parametrised Interleaved Multi-Agent Systems},
    booktitle = {Proceedings of the 12th International Conference on Autonomous Agents and Multi-Agent systems (AAMAS13)},
    publisher = {IFAAMAS Press},
    year      = {2013},
    pages     = {861--868}
}

@InProceedings{KouvarosLomuscio13b,
    author    = {P.~Kouvaros and A.~Lomuscio},
    title     = {A Cutoff Technique for the Verification of Parameterised Interpreted Systems with Parameterised Environments},
    booktitle = {Proceedings of the 23rd International Joint Conference on Artificial Intelligence (IJCAI13)},
    publisher = {AAAI Press},
    pages     = {2013--2019},
    year      = {2013},
}


@InProceedings{KouvarosLomuscio15,
    author    = {P.~Kouvaros and A.~Lomuscio},
    title     = {A Counter Abstraction Technique for the Verification of
	Robot Swarms},
    booktitle = {Proceedings of the 29th AAAI Conference on Artificial Intelligence (AAAI15)},
    year      = {2015},
    publisher = {AAAI Press},
	pages = {2081--2088}
}

@InProceedings{KouvarosLomuscio15b,
	author = {P.~Kouvaros and A.~Lomuscio},
	title = {Verifying Emergent Properties of Swarms},
	booktitle = {Proceedings of the 24th International Joint Conference on
	Artificial Intelligence (IJCAI15)},
	year = {2015},
	publisher = {AAAI Press},
	pages = {1083--1089},
}


@Article{KouvarosLomuscio16a,
  author = 	 {P.~Kouvaros and A.~Lomuscio},
  title = 	 {Parameterised Verification for Multi-Agent Systems},
  journal = 	 {Artificial Intelligence},
  year = 	 {2016},
  number = {},
  volume = 	 {234},
  pages = 	 {152--189},
  publisher = {Elsevier}
}

@InProceedings{KouvarosLomuscio16b,
    author    = {P.~Kouvaros and A.~Lomuscio},
    title     = {Formal Verification of Opinion Formation in Swarms},
    booktitle = {Proceedings of the 15th International Conference on Autonomous Agents and Multi-Agent systems (AAMAS16)},
    publisher = {IFAAMAS Press},
    year      = {2016},
    pages = {1200--1209}
}

@InProceedings{KouvarosLomuscio16c,
	author = {P.~Kouvaros and A.~Lomuscio},
	title = {Parameterised Model Checking for Alternating-time
                  Temporal Logic},
	booktitle = {Proceedings of the 22nd European Conference on
	Artificial Intelligence (ECAI16)},
	year = {2016},
	publisher = {IOS Press},
	pages = {1230--1238},
}


@InProceedings{KouvarosLomuscio17a,
 author = {P.~Kouvaros and A.~Lomuscio},
 title = {Parameterised Verification of Infinite State Multi-Agent Systems via Predicate Abstraction},
 booktitle = {Proceedings of the 24th International Joint Conference on
	Artificial Intelligence (IJCAI17)},
 pages     = {3013--3020},
  publisher = {{AAAI} Press},
  year      = {2017}
 }

@InProceedings{KouvarosLomuscio17b,
  author    = {P.~Kouvaros and
               A.~Lomuscio},
  title     = {Verifying Fault-tolerance in Parameterised Multi-Agent Systems},
  booktitle = {Proceedings of the 24th International Joint Conference on
               Artificial Intelligence (IJCAI17)},
  pages     = {288--294},
  year      = {2017},
  publisher = {AAAI Press},
}

@InProceedings{KouvarosLomuscioPirovano18,
  author    = {P.~Kouvaros and
               A.~Lomuscio and
	       E.~Pirovano},
  title     = {Symbolic Synthesis of Fault-Tolerance Ratios in
                  Parameterised Multi-Agent Systems},
  booktitle = {Proceedings of the 27th International Joint Conference on
                  Artificial Intelligence and 23rd European Conference
                  on Artificial Intelligence (IJCAI-ECAI18)},
  pages     = {324--330},
  year      = {2018},
  publisher = {{AAAI} Press},
}

@InProceedings{LomuscioRaimondi06c,
    author    = {A.~Lomuscio and F.~Raimondi},
    booktitle = {Proceedings of the 5th International Joint Conference on
    Autonomous agents and Multi-Agent Systems ({AAMAS}06)},
    title     = {Model checking knowledge, strategies, and games in multi-agent systems},
    publisher = {ACM Press},
    pages     = {161--168},
    year      = {2006},
}

@Book{Bloem+15,
  author = 	 {R.~Bloem and S.~Jacobs and A.~Khalimov and I.~Konnov and S.~Rubin and H.~Veith and J.~Widder},
  title = 	 {Decidability of Parameterized Verification},
  publisher = 	 {Morgan and Claypool Publishers},
  year = 	 {2015},
}

@inproceedings{EmersonKahlon00,
    title     = {Reducing model checking of the many to the few},
    author    = {E.~Emerson and V.~Kahlon},
    booktitle = {Proceedings of the 17th International Conference on Automated
    Deduction (CADE00)},
    pages     = {236--254},
    year      = {2000},
    publisher = {Springer},
    volume    = {1831},
    series    = {Lecture Notes in Computer Science}
}

@inproceedings{EmersonNamjoshi95,
    title     = {Reasoning about rings},
    author    = {E.~Emerson and K.~Namjoshi},
    booktitle = {Proceedings of the 22nd Annual Sigact-Aigplan on Principles of
    Programming Languages (POPL95)},
    pages     = {85--94},
    year      = {1995},
    publisher = {Pearson Education}
}

@inproceedings{Benjamin+14,
  title={Parameterized model checking of rendezvous systems},
  author={B.~Aminof and T.~Kotek and S.~Rubin  and F.~Spegni and H.~Veith},
  booktitle={CONCUR 2014--Concurrency Theory},
  pages={109--124},
  year={2014},
  publisher={Springer}
}

@InProceedings{LomuscioMichaliszyn15,
  title       ={Verifying Multi-Agent Systems by Model Checking Three-valued Abstractions},
  author      = {A.~Lomuscio and J.~Michaliszyn},
  booktitle   ={Proceedings of the 14th International Conference on Autonomous Agents and Multiagent Systems (AAMAS15)},
  pages       ={189--198},
  year        ={2015}
}

@InProceedings{MontaliCalvaneseGiacomo14,
  Title                    = {Verification of data-aware commitment-based multiagent system},
  Author                   = {M.~Montali and D.~Calvanese and G.~{De Giacomo}},
  Booktitle                = {Proceedings of AAMAS14},
  Year                     = {2014},
  Pages                    = {157--164},
  Publisher                = {IFAAMAS}
}

@INPROCEEDINGS{GammieMeyden04a,
    author    = {P.~Gammie and R.~van der Meyden},
    title     = {{MCK}: Model Checking the Logic of Knowledge},
    booktitle = {Proceedings of 16th International Conference on Computer Aided Verification (CAV04)},
    year      = {2004},
    volume    = {3114},
    series    = {Lecture Notes in Computer Science},
    pages     = {479--483},
    publisher = {Springer},
}

@ARTICLE{PenczekLomuscio03b,
    author    = {W.~Penczek and A.~Lomuscio},
    title     = {Verifying Epistemic Properties of multi-agent systems via bounded model checking},
    journal   = {Fundamenta Informaticae},
    year      = {2003},
    volume    = {55},
    pages     = {167--185},
    number    = {2},
    publisher = {IOS Press}
}
